@InCollection{sep-settheory-alternative,
	author       =	{Holmes, M. Randall},
	title        =	{Alternative Axiomatic Set Theories},
	booktitle    =	{The Stanford Encyclopedia of Philosophy},
	editor       =	{Edward N. Zalta},
	howpublished =	{\url{https://plato.stanford.edu/archives/win2017/entries/settheory-alternative/}},
	year         =	{2017},
	edition      =	{Winter 2017},
	publisher    =	{Metaphysics Research Lab, Stanford University}
}
@InCollection{sep-philosophy-mathematics,
	author       =	{Horsten, Leon},
	title        =	{Philosophy of Mathematics},
	booktitle    =	{The Stanford Encyclopedia of Philosophy},
	editor       =	{Edward N. Zalta},
	howpublished =	{\url{https://plato.stanford.edu/archives/spr2019/entries/philosophy-mathematics/}},
	year         =	{2019},
	edition      =	{Spring 2019},
	publisher    =	{Metaphysics Research Lab, Stanford University}
}
@Book{hottbook,
  author =    {The {Univalent Foundations Program}},
  title =     {Homotopy Type Theory: Univalent Foundations of Mathematics},
  publisher = {\url{https://homotopytypetheory.org/book}},
  address =   {Institute for Advanced Study},
  year =      2013}
